@INPROCEEDINGS{15483,
  author={Farrow, C.W.},
  booktitle={1988., IEEE International Symposium on Circuits and Systems}, 
  title={A continuously variable digital delay element}, 
  year={1988},
  volume={},
  number={},
  pages={2641-2645 vol.3},
  doi={10.1109/ISCAS.1988.15483}}
