@article{vlimki1998development,
		title = {Development and Calibration of a Guitar Synthesizer},
		author = {Välimäki, Vesa and Tolonen, Tero},
		journal = {J. Audio Eng. Soc},
		volume = {46},
		number = {9},
		pages = {766--778},
		year = {1998},
		url = {http://www.aes.org/e-lib/browse.cfm?elib=12131}
		}