@article{hiller1971synthesizing,
		title = {Synthesizing Musical Sounds by Solving the Wave Equation for Vibrating Objects: Part 1},
		author = {Hiller, Lejaren and Ruiz, Pierre},
		journal = {J. Audio Eng. Soc},
		volume = {19},
		number = {6},
		pages = {462--470},
		year = {1971},
		url = {http://www.aes.org/e-lib/browse.cfm?elib=2164}
		}