@article{hiller1971synthesizing,
		title = {Synthesizing Musical Sounds by Solving the Wave Equation for Vibrating Objects: Part 2},
		author = {Hiller, Lejaren and Ruiz, Pierre},
		journal = {J. Audio Eng. Soc},
		volume = {19},
		number = {7},
		pages = {542--551},
		year = {1971},
		url = {http://www.aes.org/e-lib/browse.cfm?elib=2156}
		}