
@inproceedings{evangelista_physical_2012,
	title = {Physical {Model} of the {Slide} {Guitar}: {An} {Approach} {Based} on {Contact} {Forces}},
	url = {http://www.aes.org/e-lib/browse.cfm?elib=16228},
	booktitle = {Audio {Engineering} {Society} {Convention} 132},
	author = {Evangelista, Gianpaolo},
	month = apr,
	year = {2012},
}

@article{evangelista_playerinstrument_2010,
	title = {Player–{Instrument} {Interaction} {Models} for {Digital} {Waveguide} {Synthesis} of {Guitar}: {Touch} and {Collisions}},
	volume = {18},
	doi = {10.1109/tasl.2009.2038822},
	number = {4},
	journal = {IEEE Transactions on Audio, Speech, and Language Processing},
	author = {Evangelista, Gianpaolo and Eckerholm, Fredrik},
	year = {2010},
	pages = {822--832},
}

@article{jaffe_extensions_1983,
	title = {Extensions of the karplus-strong plucked-string algorithm},
	volume = {7},
	doi = {10.2307/3680063},
	number = {2},
	journal = {Computer Music Journal},
	author = {Jaffe, David A. and Smith, Julius O.},
	year = {1983},
	pages = {56--69},
}

@article{karplus_digital_1983,
	title = {Digital synthesis of plucked-string and drum timbres},
	volume = {7},
	doi = {10.2307/3680062},
	number = {2},
	journal = {Computer Music Journal},
	author = {Karplus, Kevin and Strong, Alex},
	year = {1983},
	pages = {43},
}

@article{pakarinen_analysis_2007,
	title = {Analysis of handling noises on wound strings},
	volume = {122},
	doi = {10.1121/1.2786607},
	number = {6},
	journal = {The Journal of the Acoustical Society of America},
	author = {Pakarinen, J. and Penttinen, H. and Bank, B.},
	year = {2007},
}

@article{pakarinen_virtual_2008,
	title = {Virtual {Slide} {Guitar}},
	volume = {32},
	doi = {10.1162/comj.2008.32.3.42},
	number = {3},
	journal = {Computer Music Journal},
	author = {Pakarinen, Jyri and Puputti, Tapio and Välimäki, Vesa},
	year = {2008},
	pages = {42--54},
}

@article{penttinen_model-based_2006,
	title = {Model-{Based} {Sound} {Synthesis} of the {Guqin}},
	volume = {120},
	doi = {10.1121/1.2360422},
	number = {6},
	journal = {The Journal of the Acoustical Society of America},
	author = {Penttinen, Henri and Pakarinen, Jyri and Välimäki, Vesa and Laurson, Mikael and Li, Henbing and Leman, Marc},
	year = {2006},
	pages = {4052--4063},
}

@article{sullivan_extending_1990,
	title = {Extending the karplus-strong algorithm to synthesize electric guitar timbres with distortion and feedback},
	volume = {14},
	doi = {10.2307/3679957},
	number = {3},
	journal = {Computer Music Journal},
	author = {Sullivan, Charles R.},
	year = {1990},
	pages = {26},
}

@inproceedings{evangelista_physical_2011,
	address = {Paris},
	title = {Physical {Model} of the {String}-{Fret} {Interaction}},
	url = {http://dafx.de/paper-archive/2011/Papers/96_e.pdf},
	booktitle = {http://dafx11.ircam.fr/},
	publisher = {DAFx},
	author = {Evangelista, Gianpaolo},
	year = {2011},
}

@inproceedings{bhanuprakash_finite_2020,
	address = {Vienna},
	title = {A {Finite} {Difference} {Model} for {Articulated} {Slide}-{String} {Simulation}},
	url = {http://dafx.de/paper-archive/2020/proceedings/papers/DAFx2020_paper_68.pdf},
	publisher = {DAFx},
	author = {Bhanuprakash, Abhiram and Stapleton, Paul and van Walstijn, Maarten},
	year = {2020},
}

@mastersthesis{puputti_real-time_2012,
	title = {Real-{Time} {Implementation} of the {Virtual} {Air} {Slide} {Guitar}},
	url = {https://aaltodoc.aalto.fi/handle/123456789/3258},
	school = {Aalto University},
	author = {Puputti, Tapio},
	month = mar,
	year = {2012},
}

@article{woodhouse_perceptual_2012,
	title = {Perceptual {Thresholds} for {Acoustical} {Guitar} {Models}},
	volume = {98},
	issn = {1610-1928},
	doi = {10.3813/AAA.918531},
	number = {3},
	journal = {Acta Acustica united with Acustica},
	author = {Woodhouse, J. and Manuel, E. K. Y. and Smith, L. A. and Wheble, A. J. C. and Fritz, C.},
	year = {2012},
	note = {475},
	pages = {475--486},
}

@article{mansour_enhanced_2016,
	title = {Enhanced {Wave}-{Based} {Modelling} of {Musical} {Strings}. {Part} 1: {Plucked} {Strings}},
	volume = {102},
	issn = {1610-1928},
	doi = {10.3813/AAA.919021},
	number = {6},
	journal = {Acta Acustica united with Acustica},
	author = {Mansour, Hossein and Woodhouse, Jim and Scavone, Gary P.},
	year = {2016},
	note = {1082},
	pages = {1082--1093},
}

@article{woodhouse_synthesis_2004,
	title = {On the {Synthesis} of {Guitar} {Plucks}},
	volume = {90},
	issn = {1610-1928},
	number = {5},
	journal = {ACTA ACUSTICA UNITED WITH ACUSTICA},
	author = {Woodhouse, J.},
	year = {2004},
	note = {928},
	pages = {928--944},
}

@article{woodhouse_plucked_2004,
	title = {Plucked {Guitar} {Transients}: {Comparison} of {Measurements} and {Synthesis}},
	volume = {90},
	issn = {1610-1928},
	number = {5},
	journal = {ACTA ACUSTICA UNITED WITH ACUSTICA},
	author = {Woodhouse, J.},
	year = {2004},
	note = {945},
	pages = {945--965},
}

@article{vaelimaeki_physical_1996,
	title = {Physical {Modeling} of {Plucked} {String} {Instruments} with {Application} to {Real}-{Time} {Sound} {Synthesis}},
	volume = {44},
	issn = {0004-7554},
	number = {4},
	journal = {JOURNAL- AUDIO ENGINEERING SOCIETY},
	author = {Vaelimaeki, V. and Huopaniemi, J. and Karjalainen, M. and Janosy, Z.},
	year = {1996},
	note = {331},
	pages = {331--353},
}

@article{vaelimaeki_physical_1996-1,
	title = {Physical {Modeling} of {Plucked} {String} {Instruments} with {Application} to {Real}-{Time} {Sound} {Synthesis}},
	volume = {44},
	issn = {0004-7554},
	number = {4},
	journal = {JOURNAL- AUDIO ENGINEERING SOCIETY},
	author = {Vaelimaeki, V. and Huopaniemi, J. and Karjalainen, M. and Janosy, Z.},
	year = {1996},
	note = {331},
	pages = {331--353},
}

@incollection{pakarinen_ae-l11_2005,
	title = {{AE}-{L1}.1: {ENERGY} {BEHAVIOR} {IN} {TIME}-{VARYING} {FRACTIONAL} {DELAY} {FILTERS} {FOR} {PHYSICAL} {MODELING} {SYNTHESIS} {OF} {MUSICAL} {INSTRUMENTS}},
	isbn = {0-7803-8874-7},
	publisher = {IEEE; 2005},
	author = {Pakarinen, J. and Karjalainen, M. and Valimaki, V. and Bilbao, S. and International conference Philadelphia, PA 2005; Mar},
	year = {2005},
	pages = {4--4},
}

@article{laakso_splitting_1996,
	title = {Splitting the unit delay [{FIR}/all pass filters design]},
	volume = {13},
	issn = {1053-5888},
	doi = {10.1109/79.482137},
	number = {1},
	journal = {IEEE Signal Processing Magazine},
	author = {Laakso, T.I. and Valimaki, V. and Karjalainen, M. and Laine, U.K.},
	year = {1996},
}

@article{pakarinen_slide_2008,
	title = {Slide {Guitar} {Synthesizer} with {Gestural} {Control}},
	journal = {NIME},
	author = {Pakarinen, Jyri and Välimäki, Vesa and Puputti, Tapio},
	month = jun,
	year = {2008},
}

@article{karjalainen_plucked-string_1998,
	title = {Plucked-{String} {Models}: {From} the {Karplus}-{Strong} {Algorithm} to {Digital} {Waveguides} and beyond},
	volume = {22},
	issn = {01489267, 15315169},
	url = {http://www.jstor.org/stable/3681155},
	doi = {10.2307/3681155},
	number = {3},
	urldate = {2022-11-12},
	journal = {Computer Music Journal},
	author = {Karjalainen, Matti and Välimäki, Vesa and Tolonen, Tero},
	year = {1998},
	note = {Publisher: The MIT Press},
	pages = {17--32},
}

@phdthesis{bank_physics-based_2006,
	type = {{PhD} {Thesis}},
	title = {Physics-based {Sound} {Synthesis} of {String} {Instruments} {Including} {Geometric} {Nonlinearities}},
	url = {http://home.mit.bme.hu/~bank/phd/},
	school = {Budapest University of Technology and Economics},
	author = {Bank, Balazs},
	month = jan,
	year = {2006},
}

@article{mcintyre_oscillations_1983,
	title = {On the oscillations of musical instruments},
	volume = {74},
	doi = {10.1121/1.390157},
	journal = {Journal of The Acoustical Society of America - J ACOUST SOC AMER},
	author = {Mcintyre, Michael and Schumacher, R. and Woodhouse, Jim},
	month = nov,
	year = {1983},
}

@article{hiller_synthesizing_1971,
	title = {Synthesizing {Musical} {Sounds} by {Solving} the {Wave} {Equation} for {Vibrating} {Objects}: {Part} 2},
	volume = {19},
	url = {http://www.aes.org/e-lib/browse.cfm?elib=2156},
	number = {7},
	journal = {J. Audio Eng. Soc},
	author = {Hiller, Lejaren and Ruiz, Pierre},
	year = {1971},
	pages = {542--551},
}

@article{hiller_synthesizing_1971-1,
	title = {Synthesizing {Musical} {Sounds} by {Solving} the {Wave} {Equation} for {Vibrating} {Objects}: {Part} 1},
	volume = {19},
	url = {http://www.aes.org/e-lib/browse.cfm?elib=2164},
	number = {6},
	journal = {J. Audio Eng. Soc},
	author = {Hiller, Lejaren and Ruiz, Pierre},
	year = {1971},
	pages = {462--470},
}
