@article{mrx05,
auTHor = "Mr. X",
Title = {Something Great},
publisher = "nob" # "ody",
YEAR = 2005,
}
